3386 4428
570 284 578 120 ASSOCIATION
1196 278 772 122 INTERNATIONALE
2012 276 162 114 DES
2222 268 690 120 TRAVAILLEURS

1170 560 1152 106 MÉMOIRE

436 758 342 112 ADRESSÉ
834 774 154 94 PAR
1044 772 100 92 LA
1200 752 504 110 FÉDÉRATION
1762 766 102 92 Dü
1924 762 384 94 DISTRICT
2366 762 96 90 DE
2520 756 534 96 COURTELARY

892 958 138 54 aux
1082 934 302 76 Sections
1436 934 80 72 de
1568 932 72 72 la
1690 928 402 76 Fédération
2138 924 462 94 jurassienne.

686 1234 241 40 Compagnons,

514 1311 28 36 II
563 1322 22 36 y
605 1321 82 26 aura
719 1311 136 35 bientöt
879 1310 94 35 deux
997 1318 65 26 ans
1090 1316 71 37 que
1189 1307 53 36 les
1264 1306 155 36 sections
1447 1305 48 35 du
1524 1304 137 36 district
1680 1303 43 35 de

440 1367 203 49 Courtelary
665 1369 165 45 agitaient
850 1377 44 27 au
916 1366 154 45 Congres
1092 1366 43 35 de
1157 1363 327 37 Chaux-de-Fonds
1500 1363 43 35 de
1565 1359 103 43 1876,
1692 1361 31 35 la

440 1428 165 44 question
635 1428 108 35 d'une
769 1426 201 36 institution
999 1425 43 35 de
1064 1423 181 36 solidarité
1267 1424 89 35 dans
1385 1423 30 34 la
1440 1420 208 36 Fédération
1664 1420 60 43 ju-

441 1487 198 34 rassienne.

516 1543 29 37 II
561 1555 21 35 y
603 1554 18 24 a
644 1554 45 25 un
712 1553 44 25 an
773 1541 105 48 passé
900 1552 69 35 que
999 1545 88 32 cette
1116 1540 78 36 idéé
1222 1541 97 35 recut
1344 1549 49 26 un
1422 1539 305 35 commencement

443 1602 250 45 d'application
713 1611 64 35 par
797 1600 265 45 1'organisation
1084 1599 43 36 de
1148 1598 239 36 1'association
1404 1596 228 38 d'assurance
1652 1604 75 26 mu-

442 1661 107 35 tuelle
571 1670 90 35 pour
681 1669 59 26 cas
763 1659 44 36 de
828 1658 166 36 maladie.
1017 1678 49 4 —
1086 1657 90 35 D'oü
1196 1656 97 36 vient
1321 1666 69 34 que
1415 1657 87 34 Cette
1526 1654 201 34 institution

443 1718 56 35 n'a
519 1728 65 36 pas
601 1728 82 26 recu
705 1728 48 25 un
774 1718 81 44 plus
876 1716 109 46 grand
1008 1715 311 45 développeraent,
1347 1723 70 36 que
1436 1721 156 37 presque
1611 1715 117 32 toutes

444 1775 51 36 les
517 1777 153 35 sections
684 1776 249 44 jurassiennes
954 1775 87 34 1'ont
1061 1771 187 38 enterrée?

519 1834 221 36 Convaineus
761 1834 43 35 de
821 1831 139 38 rutilité
982 1832 108 35 d'une
1115 1831 146 45 pareille
1283 1830 215 41 institution,
1522 1838 93 26 nous
1636 1837 92 26 nous

445 1891 136 37 faisons
603 1903 45 25 un
668 1892 120 35 devoir
805 1892 43 35 de
869 1891 163 35 soulever
1053 1890 43 35 de
1120 1899 161 25 nouveau
1305 1891 87 33 cette
1414 1888 163 44 question
1603 1886 128 36 devant

445 1952 116 34 toutes
585 1951 53 35 les
659 1950 154 35 sections
840 1949 44 35 de
906 1949 29 34 la
954 1947 208 37 Fédération
1182 1947 242 45 jurassienne,
1458 1956 41 25 en
1528 1945 203 36 exarninant

447 2008 50 35 les
517 2010 138 34 raisons
677 2008 61 46 qui
757 2017 93 26 nous
871 2008 75 34 lont
962 2007 31 34 la
1009 2005 282 41 recommander,
1309 2014 138 26 comme
1465 2005 50 34 les
1533 2003 198 45 objections

446 2068 109 42 qu'on
576 2067 143 35 soulève
741 2069 121 32 conlre
883 2069 88 32 cette
991 2064 209 45 entreprise.

523 2125 64 36 Les
608 2125 379 34 ouvriers-socialistes
1015 2123 47 34 du
1086 2121 60 36 Val
1172 2123 44 34 de
1246 2121 168 35 St-Imier
1446 2124 81 31 sont
1554 2120 178 44 peut-élre

447 2183 118 36 mieux
587 2181 119 46 placés
733 2191 70 35 que
823 2182 97 36 leurs
950 2189 241 35 compagnons
1213 2179 63 36 des
1304 2183 118 32 aulres
1444 2179 174 39 sections,
1644 2186 89 37 pour

443 2238 105 45 juger
573 2239 44 35 de
638 2239 31 34 la
689 2238 121 35 valeur
836 2236 107 35 d'une
964 2235 148 46 pareille
1139 2235 214 34 institution.
1386 2233 108 36 Mélés
1521 2234 212 35 activeinent

448 2295 63 35 dès
532 2297 32 35 le
585 2294 109 37 début
710 2295 43 36 de
770 2295 79 35 leur
864 2295 116 35 action
1001 2293 189 40 socialiste,
1216 2302 43 25 au
1284 2295 227 32 mouvement
1532 2292 141 34 ouvrier
1689 2290 43 35 de

447 2353 247 42 leurcontrée,
714 2354 44 35 ils
774 2356 130 43 purent
923 2361 43 27 en
988 2349 199 46 apprécier,
1220 2360 62 35 par
1302 2350 221 45 expérience,
1547 2350 52 34 les
1625 2358 107 27 avan-

447 2415 98 41 tages
562 2422 137 25 comme
727 2412 53 35 les
806 2411 151 36 défauts.
990 2408 66 36 Les
1076 2411 119 32 autres
1217 2409 166 40 sections,
1420 2409 232 34 concentrant
1671 2416 61 25 ex-

449 2469 234 38 clusivement
703 2470 78 36 leur
803 2467 135 37 activité
961 2477 62 26 sur
1041 2465 133 36 1'étude
1196 2470 33 31 et
1244 2467 32 34 la
1293 2467 227 45 propagande
1536 2465 196 36 socialistes

448 2528 164 36 n'eurent
632 2538 64 36 pas
716 2527 191 36 1'occasion
928 2527 44 36 de
992 2527 86 36 faire
1101 2525 53 36 les
1173 2525 137 36 mêmes
1326 2525 257 35 observations.

523 2586 66 36 Les
619 2587 230 45 populations
879 2586 182 36 ouvrières
1086 2586 44 36 de
1157 2594 67 27 nos
1249 2582 179 41 contrées,
1454 2581 132 45 agitées
1616 2591 65 36 par
1700 2582 33 33 le

450 2649 149 33 courant
620 2645 177 36 socialiste
819 2646 33 33 et
875 2643 32 36 le
926 2647 227 33 mouvement
1173 2643 140 36 ouvrier
1341 2642 30 34 si
1393 2641 185 44 puissants
1599 2640 62 36 d'il
1678 2649 18 36 y
1714 2648 19 26 a

449 2703 178 46 quelques
652 2701 156 42 années,
838 2702 276 45 s'organisèrent
1144 2701 265 46 généralement
1441 2708 43 26 en
1513 2697 150 37 sociétés
1690 2696 43 37 de

451 2760 157 43 métiers,
629 2762 69 35 soit
717 2761 44 35 de
777 2769 146 27 secours
944 2761 169 39 mutuels,
1138 2761 68 35 soit
1228 2759 43 36 de
1292 2758 192 36 résistance
1505 2766 46 26 ou
1572 2759 104 43 ayant
1696 2765 38 26 ce

452 2819 131 37 doublé
599 2821 63 35 but
690 2830 18 25 a
730 2820 32 34 la
784 2819 80 35 fois.
895 2819 98 36 Nous
1020 2820 134 44 primes
1178 2828 71 26 une
1271 2821 78 42 part
1376 2816 110 35 active
1513 2825 17 25 a
1554 2825 38 26 ce
1615 2814 118 36 travail

452 2877 277 46 d'organisation
745 2880 32 33 et
793 2888 18 24 a
825 2877 141 36 1'action
982 2878 61 45 qui
1061 2887 44 25 en
1121 2875 147 43 résulta,
1293 2877 152 44 pensant
1461 2873 89 35 ainsi
1567 2873 168 45 préparer

453 2935 32 36 le
507 2937 128 35 terrain
657 2948 17 24 a
700 2946 70 26 une
796 2935 289 36 transformation
1107 2934 63 36 des
1196 2933 150 37 sociétés
1374 2933 190 36 existantes
1594 2932 88 35 dans
1705 2930 30 35 le

454 3001 83 28 sens
554 2995 190 35 socialiste.
776 2993 87 42 Quel
882 2994 52 35 fut
954 2994 33 35 le
1004 2993 146 36 résultat
1167 2992 43 36 de
1227 2995 87 32 cette
1336 2988 177 48 tactique?
1542 2989 96 37 Nous
1661 2998 74 26 ser-

453 3052 101 35 vions
576 3053 268 45 simplementla
862 3061 106 27 cause
981 3052 43 36 de
1040 3051 171 45 1'opinion
1226 3050 161 35 ouvrière
1407 3047 207 49 bourgeoise,
1640 3049 96 34 c'est-

454 3110 117 35 a-dire
591 3110 44 36 de
657 3114 94 32 toute
772 3113 87 33 cette
880 3111 217 35 nombreuse
1113 3108 171 45 catégorie
1306 3108 195 35 d'ouvriers
1522 3108 61 44 qui
1602 3106 135 36 admet-

454 3172 74 32 tent
546 3169 30 34 le
598 3178 145 26 secours
766 3170 148 39 mutuel,
938 3169 116 35 mème
1076 3169 30 33 la
1127 3166 207 41 résistance,
1355 3167 89 34 mais
1461 3166 75 44 qui,
1554 3174 136 27 comme
1705 3163 32 34 la

455 3227 237 44 bourgeoisie,
717 3231 61 31 ont
797 3237 71 25 une
889 3228 112 34 sainte
1022 3227 150 34 horreur
1193 3224 45 35 du
1262 3225 212 34 socialisme.
1506 3223 50 35 En
1577 3223 93 38 effet,
1694 3230 42 26 en

456 3284 138 46 prêtant
615 3288 100 32 notre
736 3294 175 26 concours
927 3284 83 35 actif
1028 3294 16 24 a
1074 3282 277 45 1'organisalion,
1375 3293 17 24 a
1412 3280 321 39 l'administration,

456 3353 18 24 a
496 3343 142 33 1'action
660 3342 43 34 de
725 3351 58 25 ces
798 3342 236 34 nombreuses
1050 3340 233 35 associations
1298 3340 180 35 ouvrières
1491 3339 243 43 bourgeoises,

457 3409 92 26 nous
581 3399 210 36 favorisions
815 3400 209 35 activement
1050 3399 30 35 le
1110 3397 276 37 modérantisme
1407 3397 139 36 ouvrier
1563 3396 74 45 qui,
1657 3396 81 35 chez

457 3468 105 31 nous,
586 3461 54 32 est
659 3468 49 25 un
729 3458 30 36 si
776 3458 112 45 grand
904 3458 157 36 obstacle
1084 3467 41 25 au
1150 3455 294 46 développement
1457 3456 48 35 du
1522 3454 213 36 socialisme.

530 3517 98 36 Nous
645 3527 44 25 ne
707 3517 177 45 pouvions
901 3516 197 46 cependant
1119 3514 240 37 méconnaitre
1380 3524 69 36 que
1470 3514 90 34 dans
1575 3512 163 45 1'organi-

458 3576 113 36 sation
594 3575 161 36 ouvrière
770 3576 111 35 existe
903 3585 47 25 un
964 3575 166 45 puissant
1143 3573 186 36 auxiliaire
1343 3573 48 36 du
1406 3572 221 41 socialisme;
1650 3579 88 28 nous

460 3634 120 35 avions
600 3634 95 35 alors
716 3644 18 25 a
756 3643 91 26 nous
869 3632 195 37 demander
1091 3633 53 35 s'il
1168 3635 53 33 est
1247 3631 159 46 possible
1432 3630 43 35 de
1504 3633 142 32 trouver
1674 3639 64 26 une

460 3691 110 37 forme
590 3692 277 45 d'organisation
889 3694 34 33 et
942 3701 49 26 un
1010 3691 103 36 mode
1136 3690 166 41 d'action,
1326 3689 164 45 capables
1512 3687 43 36 de
1575 3687 120 37 réunir
1714 3688 24 35 Ie

459 3753 147 32 courant
626 3748 158 39 matériel
806 3750 140 35 ouvrier
967 3753 33 32 et
1017 3750 31 35 le
1069 3752 149 33 courant
1238 3747 184 45 théorique
1436 3746 189 36 socialiste.
1650 3745 88 36 Cette

460 3808 166 43 question
648 3808 198 45 s'imposait
866 3808 157 35 d'autant
1040 3808 81 45 plus
1144 3817 70 35 que
1236 3810 78 32 tous
1338 3814 92 26 nous
1455 3814 109 26 avons
1585 3814 48 35 pu
1658 3804 80 34 faire

462 3862 235 47 1'expérience
718 3876 70 35 que
809 3866 32 35 la
862 3866 164 45 pratique
1042 3866 44 35 de
1107 3866 31 34 la
1161 3862 180 38 solidarité
1363 3864 169 44 s'impose
1552 3861 186 46 impérieu-

462 3926 138 32 sement
620 3934 18 25 a
662 3927 115 33 toutes
798 3924 51 36 les
871 3924 259 45 organisations
1153 3923 208 35 socialistes.
1395 3921 251 36 Devons-nous
1663 3919 75 35 lais-

463 3989 57 27 ser
545 3984 87 33 cette
661 3983 163 44 pratique
845 3982 44 35 de
915 3983 30 34 la
974 3981 180 36 solidarité
1175 3991 44 25 au
1241 3981 128 35 hasard
1396 3980 62 35 des
1486 3979 252 35 circonstances

1793 1225 67 36 dus
1880 1234 47 26 ou
1947 1223 118 36 moins
2086 1221 197 36 favorables
2309 1229 45 26 ou
2374 1219 83 35 bien
2478 1218 59 45 n'y
2567 1217 87 35 a-t-il
2683 1225 64 37 pas
2768 1215 71 36 lieu
2860 1213 44 37 de
2932 1214 129 44 1'orga-

1793 1284 85 35 liser
1897 1283 108 34 d'une
2026 1282 100 35 facon
2147 1280 164 44 pratique
2333 1281 33 32 et
2388 1275 197 46 réguliere?

1853 1341 76 35 Une
1949 1344 99 31 autre
2069 1339 119 34 raison
2210 1338 212 43 importante
2434 1334 158 35 motivait
2606 1336 101 32 notre
2723 1332 236 35 intervention
2973 1330 89 36 dans

1793 1410 26 25 ;e
1841 1399 186 35 domaine:
2052 1396 97 37 Nous
2169 1404 162 37 pouvons
2348 1395 175 34 constater
2544 1401 69 36 que
2631 1392 51 35 les
2708 1390 219 36 inslitutions
2945 1390 43 35 de
3006 1398 58 25 so-

1795 1457 125 36 idarité
1937 1456 164 45 ontpris,
2120 1455 84 35 chez
2220 1455 33 34 le
2273 1452 130 47 peuple
2420 1452 130 40 suisse,
2578 1460 49 26 un
2649 1449 294 46 développement
2965 1456 100 26 assez

1793 1514 253 41 ;onsidérable;
2070 1524 39 25 ce
2129 1513 61 35 fait
2210 1521 93 27 nous
2318 1510 184 36 démontre
2518 1519 69 35 que
2605 1518 38 26 ce
2664 1508 105 35 mode
2785 1504 175 39 d'activité
2976 1509 34 32 et
3022 1506 44 34 de

1793 1573 206 44 iauvegarde
2017 1573 62 35 des
2101 1570 145 37 intéréts
2264 1570 48 35 du
2329 1569 142 46 peuple,
2490 1571 53 32 est
2555 1567 186 45 populaire
2758 1576 42 25 en
2814 1565 135 35 Suisse.
2970 1563 96 35 Dans

1797 1643 18 24 e
1837 1632 102 35 choix
1961 1631 44 36 de
2026 1641 58 25 ses
2105 1638 148 37 moyens
2274 1630 44 34 de
2333 1627 227 46 propagande
2581 1629 33 32 et
2634 1625 166 40 d'action,
2823 1634 49 25 un
2893 1622 91 46 parti
3005 1621 63 36 mi-

1799 1691 98 40 itant,
1917 1689 74 36 doit
2011 1689 92 36 tenir
2127 1690 140 42 compte
2293 1686 63 36 des
2385 1684 287 37 manifeslations
2700 1683 43 35 de
2765 1683 31 34 la
2818 1683 55 34 vie
2893 1680 174 45 publique

1793 1749 39 35 iu
1853 1749 131 45 peuple
2001 1751 33 32 et
2055 1747 187 35 s'attacher
2257 1755 68 25 aux
2347 1743 283 36 manifestations
2651 1741 75 45 qui,
2745 1743 76 33 tout
2841 1749 43 26 en
2899 1738 171 44 étantpar

1793 1806 238 37 ïlles-inêmes
2048 1806 89 35 dans
2151 1805 31 35 la
2204 1807 126 33 nature
2346 1803 46 35 du
2409 1810 225 37 programme
2655 1800 47 35 du
2722 1799 91 46 parti
2828 1808 43 25 en
2886 1796 180 46 question,

1793 1868 145 35 aeuvent
1958 1865 33 35 le
2012 1864 119 35 mieux
2151 1862 126 36 établir
2299 1861 62 36 des
2376 1860 168 36 relations
2558 1862 98 33 entre
2670 1858 32 35 le
2717 1856 130 46 peuple
2864 1858 33 33 et
2913 1864 38 26 ce
2962 1854 104 45 parti.

1860 1932 98 37 Nous
1978 1940 172 37 pensons,
2170 1928 270 48 qu'envisagées
2460 1937 45 25 au
2528 1927 100 44 point
2649 1926 43 35 de
2714 1934 66 25 vue
2802 1923 190 39 socialiste,
3016 1921 53 35 les

1793 1992 180 44 juestions
1997 1990 229 35 el'assurance
2247 1987 189 41 mutuelle,
2460 1989 82 31 sont
2565 1984 89 35 dans
2675 1986 53 32 eet
2749 1981 103 36 ordre
2874 1981 43 35 de
2939 1980 79 36 faits
3039 1982 33 32 et

1793 2050 145 45 ju'elles
1958 2051 155 43 peuvent
2137 2047 146 35 devenir
2304 2055 48 26 un
2375 2053 128 36 moyen
2523 2041 278 45 d'organisation
2826 2038 187 47 populaire
3040 2040 33 33 et

1793 2108 39 36 ie
1851 2106 227 46 propagande
2099 2105 191 36 socialiste.

1861 2165 114 36 Telles
1996 2168 81 33 sont
2104 2164 52 36 les
2184 2163 140 36 raisons
2351 2161 214 49 principales
2598 2160 60 45 qui
2680 2168 93 26 nous
2794 2157 104 35 firent
2921 2154 151 47 prendre

1793 2223 190 34 l'initlative
2011 2223 43 31 de
2084 2222 237 31 rassocialion
2348 2220 228 32 d'assuiauce
2606 2216 172 36 mutuelle
2809 2234 49 4 —
2889 2223 185 34 orgamser

1793 2280 85 35 dans
1900 2279 31 35 le
1950 2278 91 46 parti
2059 2277 176 35 socialiste
2251 2274 116 38 mème
2387 2284 71 27 une
2479 2274 199 35 institution
2696 2273 60 44 qui
2774 2272 118 34 donne
2910 2270 162 35 satisfac-

1793 2339 69 35 tion
1883 2348 69 25 aux
1972 2334 194 37 nécessités
2187 2335 43 35 de
2260 2333 265 44 1'organisation
2547 2331 161 36 ouvrière
2729 2333 33 32 et
2782 2330 43 35 de
2852 2330 31 33 la
2908 2328 164 45 pratique

1793 2396 40 36 de
1855 2397 32 34 la
1904 2393 194 38 solidarité.

1866 2453 217 36 Examinons
2103 2452 52 34 les
2173 2451 196 45 objections
2393 2449 216 47 principales
2633 2445 185 37 soulevées
2844 2448 120 32 contre
2985 2447 88 32 cette

1793 2512 209 36 institution.

1867 2571 43 35 La
1937 2567 175 48 première
2145 2568 178 45 objection
2347 2568 63 44 qui
2437 2575 92 26 nous
2557 2565 158 45 apparait
2745 2567 54 33 est
2830 2562 156 37 celle-ci:
3023 2560 48 36 En

1793 2628 276 42 n'introduisant
2088 2635 65 36 pas
2170 2626 63 36 dès
2253 2627 34 34 le
2307 2627 305 33 commencement
2632 2623 52 35 les
2706 2623 185 45 questions
2908 2621 43 35 de
2972 2619 103 37 résis-

1794 2693 99 31 tance
1914 2687 89 35 dans
2025 2694 66 26 son
2112 2684 241 45 organisation
2370 2686 34 32 et
2427 2692 65 26 son
2513 2683 115 34 action
2645 2710 7 13 ,
2676 2681 237 36 1'association
2935 2679 139 36 d'assu-

1793 2756 103 26 rance
1916 2743 172 37 mutuelle
2115 2752 45 26 ne
2189 2742 137 46 repond
2356 2751 64 35 pas
2450 2751 46 25 au
2520 2741 64 35 but
2603 2740 132 46 qu'elle
2756 2749 37 26 se
2812 2747 154 37 propose
2987 2737 70 36 d'at
3069 2756 6 6 •

1794 2804 146 37 teindre.
1972 2801 98 37 Nous
2091 2801 205 46 répondons
2313 2812 7 23 :
2346 2800 32 35 la
2399 2800 165 44 pratique
2584 2799 43 36 de
2640 2800 33 34 la
2690 2798 191 36 résistance
2893 2797 91 36 n'esl
2996 2804 80 37 pos-

1793 2863 89 36 sible
1907 2870 70 36 que
2005 2860 90 35 dans
2123 2860 172 36 certaines
2324 2859 261 35 circonstances
2619 2856 213 40 favorables,
2861 2855 114 46 parmi
3003 2855 71 35 les-

1793 2921 137 46 quelles
1947 2929 43 26 on
2008 2922 85 43 peut
2106 2919 118 45 placer
2243 2927 72 27 une
2334 2918 119 35 bonne
2474 2916 241 45 organisation
2736 2918 33 32 et
2785 2914 62 36 des
2869 2921 205 28 ressources

1793 2978 226 37 matérielles.
2045 2977 51 36 En
2113 2977 190 36 favorisant
2324 2979 88 33 cette
2429 2975 239 45 organisation
2686 2977 33 31 et
2740 2973 30 35 la
2785 2972 154 36 création
2959 2970 44 36 de
3017 2980 58 26 ces

1793 3047 205 27 ressources
2021 3046 90 26 nous
2132 3035 195 45 préparons
2345 3035 131 39 mieux,
2500 3042 86 26 sous
2602 3042 71 25 une
2699 3031 112 35 forme
2834 3039 189 36 anonyme,
3051 3029 24 35 il

1794 3100 53 32 est
1861 3097 87 40 vrai,
1972 3096 31 34 la
2030 3095 161 45 pratique
2212 3095 44 34 de
2280 3094 32 34 la
2334 3092 193 36 résistance
2547 3100 70 35 que
2638 3099 88 26 ceux
2747 3089 61 45 qui
2831 3098 37 25 se
2888 3088 154 36 bornent
3058 3098 16 23 a

1794 3154 180 37 raffirmer
1995 3154 90 35 dans
2106 3152 62 35 des
2189 3160 243 37 programmes
2448 3149 219 44 théoriques.
2686 3147 65 36 Les
2769 3147 114 36 forces
2897 3145 180 37 ouvrières

1795 3214 89 35 dans
1904 3222 67 26 nos
1993 3210 173 40 contrées,
2185 3220 50 25 un
2256 3210 133 35 instant
2408 3209 81 35 bien
2512 3205 217 46 organisées,
2757 3209 80 32 sont
2862 3216 19 24 a
2905 3204 172 36 reconsti-

1795 3276 78 32 tuer
1890 3282 17 25 a
1928 3279 161 27 muveau
2106 3280 6 29 ;
2137 3268 89 35 dans
2241 3268 52 35 les
2310 3268 260 35 circonstances
2591 3263 199 46 présentes,
2810 3273 92 27 nous
2915 3270 162 37 pouvons

1795 3329 168 46 préparer
1983 3328 51 34 les
2055 3325 174 37 éléments
2246 3327 43 34 de
2306 3328 88 33 cette
2419 3323 293 45 réorganisation,
2737 3332 61 26 sur
2814 3323 33 34 le
2867 3320 130 36 terrain
3019 3328 58 25 so-

1796 3388 154 39 cialiste;
1988 3385 28 35 si
2038 3394 93 26 nous
2152 3385 154 35 laissons
2334 3383 105 41 faire,
2473 3385 87 33 cette
2589 3380 280 46 réorganisation
2889 3386 129 38 pourra
3040 3386 37 26 se

1797 3446 85 35 faire
1898 3454 44 27 en
1964 3444 131 35 dehors
2117 3443 43 35 de
2181 3453 104 31 nous,
2310 3453 62 25 sur
2386 3452 48 26 un
2452 3441 129 36 terrain
2601 3440 206 45 bourgeois.

1873 3512 188 43 Beaucoup
2086 3510 44 36 de
2150 3520 66 26 nos
2241 3511 90 34 amis
2352 3510 89 35 dans
2468 3510 52 34 les
2542 3508 154 36 sections
2716 3508 118 35 voient
2859 3505 42 35 de
2923 3503 158 36 mauvais

1798 3571 58 37 ceil
1878 3569 279 41 1'introduclion,
2181 3569 89 35 dans
2291 3569 32 34 la
2346 3567 207 36 Fédération
2571 3566 240 45 jurassienne,
2831 3562 43 36 de
2895 3562 186 45 questions

1799 3627 183 38 d'intérêts
2011 3630 189 43 purement
2232 3625 177 37 matériels
2440 3629 33 32 et
2505 3625 180 44 craignent
2716 3631 69 36 que
2818 3630 57 27 ces
2896 3620 186 45 questions

1799 3687 230 37 n'absorbent
2048 3695 71 27 une
2132 3685 112 46 partie
2265 3683 246 37 considérable
2533 3683 63 35 des
2615 3679 294 48 préoccupations
2926 3678 63 36 des
3007 3688 77 27 sec-

1801 3746 94 35 tions
1915 3755 43 25 au
1977 3743 191 37 détriment
2181 3743 63 36 des
2260 3742 187 46 questions
2463 3740 142 37 el'étude
2622 3743 33 32 et
2667 3739 44 35 de
2721 3736 241 48 propagande.
2986 3736 98 37 Nous

1803 3803 223 45 répondons:
2046 3801 173 36 Inslituée
2233 3801 90 35 dans
2338 3801 32 34 la
2387 3798 210 37 Fédération
2608 3797 240 46 jurassienne,
2868 3796 216 35 l'assurance

1802 3861 171 35 mutuelle
1994 3870 46 26 ne
2054 3862 86 43 peut
2154 3868 65 36 pas
2239 3857 184 46 présenter
2438 3858 34 35 le
2492 3857 133 44 danger
2641 3855 196 40 ci-dessus;
2871 3863 91 36 pour
2979 3853 107 45 justi-

1804 3919 63 36 fter
1889 3923 98 31 notre
2009 3917 146 46 opinion
2175 3926 92 26 nous
2284 3916 149 36 n'avons
2454 3916 81 44 qu'a
2558 3914 153 45 signaler
2726 3913 32 34 la
2774 3912 168 35 situation
2962 3912 124 45 qu'oc-

1806 3986 88 34 cupe
1916 3977 30 33 la
1972 3974 204 37 Fédération
2192 3975 228 44 jurassienne
2436 3973 161 36 vis-a-vis
2616 3973 43 34 de
2677 3971 170 44 1'opinion
2866 3970 171 44 publique
3054 3973 34 29 et

2575 4398 29 30 ■
